<?xml version='1.0' encoding='utf-8'?>
<record xmlns="http://www.loc.gov/MARC21/slim" xmlns:xsi="http://www.w3.org/2001/XMLSchema-instance">
  <leader>00000cam^a22002771a^4500</leader>
  <controlfield tag="001">003948315</controlfield>
  <controlfield tag="005">20040805163032.0</controlfield>
  <controlfield tag="008">971118s1978^^^^miua|||^^bc^^^00000deng^d</controlfield>
  <datafield tag="035" ind1=" " ind2=" ">
    <subfield code="a">(RLIN)MIUG90-B17308</subfield>
  </datafield>
  <datafield tag="035" ind1=" " ind2=" ">
    <subfield code="9">(UL)AHW8682</subfield>
  </datafield>
  <datafield tag="035" ind1=" " ind2=" ">
    <subfield code="a">(OCoLC)222318200</subfield>
  </datafield>
  <datafield tag="040" ind1=" " ind2=" ">
    <subfield code="a">MiU</subfield>
    <subfield code="c">MiU</subfield>
    <subfield code="d">MiU</subfield>
    <subfield code="d">MiU-H</subfield>
  </datafield>
  <datafield tag="100" ind1="1" ind2=" ">
    <subfield code="a">Whistler, James McNeill,</subfield>
    <subfield code="d">1834-1903.</subfield>
  </datafield>
  <datafield tag="245" ind1="1" ind2="0">
    <subfield code="a">Whistler :</subfield>
    <subfield code="b">the later years.</subfield>
  </datafield>
  <datafield tag="260" ind1=" " ind2=" ">
    <subfield code="a">[Ann Arbor, Mich.] :</subfield>
    <subfield code="b">The University of Michigan Museum of Art,</subfield>
    <subfield code="c">1978.</subfield>
  </datafield>
  <datafield tag="300" ind1=" " ind2=" ">
    <subfield code="a">[16] p. :</subfield>
    <subfield code="b">ill. ;</subfield>
    <subfield code="c">23 x 25 cm.</subfield>
  </datafield>
  <datafield tag="500" ind1=" " ind2=" ">
    <subfield code="a">Catalog of an exhibition held August 27 - October 8, 1978.</subfield>
  </datafield>
  <datafield tag="500" ind1=" " ind2=" ">
    <subfield code="a">Catalog text continues on recto and verso of back wrapper.</subfield>
  </datafield>
  <datafield tag="504" ind1=" " ind2=" ">
    <subfield code="a">Includes bibliographical references.</subfield>
  </datafield>
  <datafield tag="590" ind1=" " ind2=" ">
    <subfield code="a">In original paper wrappers.</subfield>
  </datafield>
  <datafield tag="580" ind1=" " ind2=" ">
    <subfield code="a">Forms part of the University of Michigan. Museum of Art. Publications, 1946-&lt;ongoing&gt;.</subfield>
  </datafield>
  <datafield tag="600" ind1="1" ind2="0">
    <subfield code="a">Whistler, James McNeill,</subfield>
    <subfield code="d">1834-1903</subfield>
    <subfield code="x">Exhibitions.</subfield>
  </datafield>
  <datafield tag="710" ind1="2" ind2=" ">
    <subfield code="a">University of Michigan.</subfield>
    <subfield code="b">Museum of Art.</subfield>
  </datafield>
  <datafield tag="773" ind1="1" ind2=" ">
    <subfield code="a">University of Michigan</subfield>
    <subfield code="t">Museum of Art (University of Michigan) publications</subfield>
    <subfield code="w">3948255</subfield>
  </datafield>
  <datafield tag="852" ind1="8" ind2=" ">
    <subfield code="a">MiU-H</subfield>
    <subfield code="b">BENT</subfield>
    <subfield code="h">9788 Bimu C450 2</subfield>
  </datafield>
  <datafield tag="998" ind1=" " ind2=" ">
    <subfield code="c">PJ</subfield>
    <subfield code="s">9114</subfield>
  </datafield>
  <datafield tag="LKR" ind1=" " ind2=" ">
    <subfield code="a">UP</subfield>
    <subfield code="b">003948255</subfield>
    <subfield code="l">MIU01</subfield>
    <subfield code="r">773</subfield>
    <subfield code="m">Whistler : the later years.</subfield>
    <subfield code="n">[Museum of Art (University of Michigan) publications].</subfield>
  </datafield>
  <datafield tag="955" ind1=" " ind2=" ">
    <subfield code="b">BENT</subfield>
    <subfield code="p">B1689243</subfield>
  </datafield>
</record>
